<record><leader>00000cas a2200000 a 4500</leader><controlfield tag="001">10001915</controlfield><controlfield tag="008">831011d18211825nyuwr ne      0    0eng c</controlfield><datafield ind1=" " ind2=" " tag="010"><subfield code="a">sn 83031859 </subfield></datafield><datafield ind1=" " ind2=" " tag="040"><subfield code="a">NPU</subfield><subfield code="b">eng</subfield><subfield code="c">NPU</subfield><subfield code="d">NPY</subfield><subfield code="d">NPX</subfield><subfield code="d">DLC</subfield><subfield code="d">NYS</subfield><subfield code="d">OCL</subfield><subfield code="d">DLC</subfield><subfield code="d">CRL</subfield><subfield code="d">OCLCQ</subfield><subfield code="d">OCLCF</subfield><subfield code="d">OCLCO</subfield></datafield><datafield ind1="1" ind2=" " tag="029"><subfield code="a">AU@</subfield><subfield code="b">000020127877</subfield></datafield><datafield ind1=" " ind2=" " tag="042"><subfield code="a">pcc</subfield></datafield><datafield ind1=" " ind2=" " tag="043"><subfield code="a">n-us-ny</subfield></datafield><datafield ind1="0" ind2="0" tag="050"><subfield code="a">Newspaper 9133</subfield></datafield><datafield ind1="0" ind2=" " tag="130"><subfield code="a">Utica sentinel (Utica, N.Y. : 1821)</subfield></datafield><datafield ind1="1" ind2="0" tag="245"><subfield code="a">Utica sentinel.</subfield></datafield><datafield ind1=" " ind2=" " tag="260"><subfield code="a">Utica, Oneida Co. [N.Y.] :</subfield><subfield code="b">Published by Ira Merrill for William Williams</subfield></datafield><datafield ind1=" " ind2=" " tag="300"><subfield code="a">v. :</subfield><subfield code="b">ill. ;</subfield><subfield code="c">54 cm.</subfield></datafield><datafield ind1=" " ind2=" " tag="310"><subfield code="a">Weekly</subfield></datafield><datafield ind1="1" ind2=" " tag="362"><subfield code="a">Began Mar. 9, 1821; ceased June 7, 1825.</subfield></datafield><datafield ind1=" " ind2=" " tag="588"><subfield code="a">Description based on: Vol. 1, no. 3 (Mar. 27, 1821).</subfield></datafield><datafield ind1=" " ind2="0" tag="651"><subfield code="a">Utica (N.Y.)</subfield><subfield code="v">Newspapers.</subfield></datafield><datafield ind1=" " ind2="7" tag="655"><subfield code="a">Newspapers.</subfield><subfield code="2">fast</subfield><subfield code="0">(OCoLC)fst01423814</subfield></datafield><datafield ind1=" " ind2="7" tag="651"><subfield code="a">New York (State)</subfield><subfield code="z">Utica.</subfield><subfield code="2">fast</subfield><subfield code="0">(OCoLC)fst01207805</subfield></datafield><datafield ind1=" " ind2=" " tag="752"><subfield code="a">United States</subfield><subfield code="b">New York</subfield><subfield code="c">Oneida</subfield><subfield code="d">Utica.</subfield></datafield><datafield ind1="0" ind2="0" tag="780"><subfield code="t">Utica patriot, &amp; patrol</subfield><subfield code="w">(DLC)sn 83031866</subfield></datafield><datafield ind1="0" ind2="7" tag="785"><subfield code="t">Columbian gazette (Utica, N.Y.)</subfield><subfield code="w">(DLC)sn 83031860</subfield></datafield><datafield ind1="0" ind2="7" tag="785"><subfield code="t">Utica sentinel &amp; gazette</subfield><subfield code="w">(DLC)sn 83031855</subfield><subfield code="w">(OCoLC)207317028</subfield></datafield></record>